
@article{liu2012sentiment,
    author  = {Liu, B.},
    title   = {Sentiment analysis and opinion mining},
    journal = {Synthesis Lectures on Human Language Technologies},
    volume  = {5},
    number  = {1},
    pages   = {1--167},
    year    = {2012}
}

@article{pang2008opinion,
    author  = {Pang, B. and Lee, L.},
    title   = {Opinion mining and sentiment analysis},
    journal = {Foundations and Trends in Information Retrieval},
    volume  = {2},
    number  = {1-2},
    pages   = {1--135},
    year    = {2008}
}

@inproceedings{tang2015document,
    author    = {Tang, D. and Qin, B. and Liu, T.},
    title     = {Document modeling with gated recurrent neural network for sentiment classification},
    booktitle = {Proceedings of the 2015 Conference on Empirical Methods in Natural Language Processing},
    pages     = {1422--1432},
    year      = {2015}
}

@inproceedings{kim2014convolutional,
    author    = {Kim, Y.},
    title     = {Convolutional neural networks for sentence classification},
    booktitle = {Proceedings of the 2014 Conference on Empirical Methods in Natural Language Processing},
    pages     = {1746--1751},
    year      = {2014}
}

@inproceedings{devlin2019bert,
    author    = {Devlin, J. and Chang, M. W. and Lee, K. and Toutanova, K.},
    title     = {BERT: Pre-training of deep bidirectional transformers for language understanding},
    booktitle = {Proceedings of the 2019 Conference of the North American Chapter of the Association for Computational Linguistics: Human Language Technologies},
    pages     = {4171--4186},
    year      = {2019}
}

@inproceedings{guzman2014users,
    author    = {Guzman, E. and Maalej, W.},
    title     = {How do users like this feature? A fine grained sentiment analysis of app reviews},
    booktitle = {2014 IEEE 22nd International Requirements Engineering Conference},
    pages     = {153--162},
    year      = {2014}
}

@inproceedings{iman2019smartphone,
    author    = {Iman, N. and Ahmad, M. and Wani, M. A.},
    title     = {Sentiment analysis for mobile product reviews using machine learning techniques},
    booktitle = {2019 International Conference on Computational Intelligence and Knowledge Economy (ICCIKE)},
    pages     = {812--818},
    year      = {2019}
}

@article{sokolova2009systematic,
    author  = {Sokolova, M. and Lapalme, G.},
    title   = {A systematic analysis of performance measures for classification tasks},
    journal = {Information Processing \& Management},
    volume  = {45},
    number  = {4},
    pages   = {427--437},
    year    = {2009}
}

@inproceedings{amidei2019evaluation,
    author    = {Amidei, J. and Piwek, P. and Willis, A.},
    title     = {The use of rating and Likert scales in natural language generation human evaluation tasks: A review and some recommendations},
    booktitle = {Proceedings of the 12th International Conference on Natural Language Generation},
    pages     = {397--402},
    year      = {2019}
}